@article{farah2016,
  title={Physical and mechanical properties of PLA, and their functions in widespread applications â€” A comprehensive review},
  author={Farah, Shady and Anderson, Daniel G. and Langer, Robert},
  journal={Advanced Drug Delivery Reviews},
  volume={107},
  pages={367--392},
  year={2016},
  publisher={Elsevier},
  doi={10.1016/j.addr.2016.06.012}
}
